<?xml version="1.0" encoding="UTF-8" ?>
<marc:collection xmlns:marc="http://www.loc.gov/MARC21/slim" xmlns:xsi="http://www.w3.org/2001/XMLSchema-instance" xsi:schemaLocation="http://www.loc.gov/MARC21/slim http://www.loc.gov/standards/marcxml/schema/MARC21slim.xsd">
	<!-- Film adaptation - Harry Potter -->
	<marc:record>
		<marc:leader>00761nam0 2200241   450 </marc:leader>
		<marc:controlfield tag="001">18</marc:controlfield>
		<marc:datafield ind1=" " ind2=" " tag="010">
			<marc:subfield code="a">978-1-4088-5571-3</marc:subfield>
		</marc:datafield>
		<marc:datafield ind1="1" ind2=" " tag="200">
			<marc:subfield code="a">Harry Potter and the Deathly Hallows</marc:subfield>
			<marc:subfield code="f">J.K. Rowling</marc:subfield>
		</marc:datafield>
		<marc:datafield ind1=" " ind2=" " tag="210">
			<marc:subfield code="a">London</marc:subfield>
			<marc:subfield code="c">Bloomsbury</marc:subfield>
			<marc:subfield code="d">2014</marc:subfield>
		</marc:datafield>
		<marc:datafield ind1=" " ind2=" " tag="215">
			<marc:subfield code="a">1 volume (619 pages)</marc:subfield>
			<marc:subfield code="c">Cover with colorful illustrations</marc:subfield>
			<marc:subfield code="d">20 cm</marc:subfield>
		</marc:datafield>
		<marc:datafield ind1="0" ind2=" " tag="225">
			<marc:subfield code="a">Harry Potter series</marc:subfield>
			<marc:subfield code="v">7</marc:subfield>
		</marc:datafield>
		<marc:datafield ind1="0" ind2=" " tag="410">
			<marc:subfield code="3">colauth-003</marc:subfield>
			<marc:subfield code="t">Harry Potter series</marc:subfield>
		</marc:datafield>
	</marc:record>