
	<marc:record>
		<marc:leader>00761nam0 2200241   450 </marc:leader>
		<marc:controlfield tag="001">19</marc:controlfield>
		<marc:datafield ind1=" " ind2="1" tag="073">
			<marc:subfield code="a">5051889060093</marc:subfield>
		</marc:datafield>
		<marc:datafield ind1="1" ind2=" " tag="200">
			<marc:subfield code="a">Harry Potter and the Deathly Hallows Part 1</marc:subfield>
			<marc:subfield code="b">[Motion Picture]</marc:subfield>
			<marc:subfield code="f">director, David Yates</marc:subfield>
			<marc:subfield code="g">scenarist, Steve Kloves</marc:subfield>
			<marc:subfield code="g">composer, Alexandre Desplat</marc:subfield>
			<marc:subfield code="g">actor, Daniel Radcliffe</marc:subfield>
			<marc:subfield code="g">actor, Emma Watson</marc:subfield>
		</marc:datafield>
		<marc:datafield ind1="1" ind2=" " tag="210">
			<marc:subfield code="a">Neuilly-sur-Seine</marc:subfield>
			<marc:subfield code="c">Warner Home Video</marc:subfield>
			<marc:subfield code="d">2011</marc:subfield>
		</marc:datafield>
		<marc:datafield ind1=" " ind2=" " tag="215">
			<marc:subfield code="a">1 DVD (2 h 20 min)</marc:subfield>
			<marc:subfield code="c">Colors, Audio (PAL)</marc:subfield>
		</marc:datafield>
	</marc:record>