
	<!-- Traduction dr jekyll -->
	<marc:record>
		<marc:leader>00761nam0 2200241   450 </marc:leader>
		<marc:controlfield tag="001">25</marc:controlfield>
		<marc:datafield ind1=" " ind2=" " tag="010">
			<marc:subfield code="a">978-1-84344-484-8</marc:subfield>
		</marc:datafield>
		<marc:datafield ind1=" " ind2=" " tag="010">
			<marc:subfield code="a">978-1-84344-486-2</marc:subfield>
			<marc:subfield code="b">kindle</marc:subfield>
		</marc:datafield>
		<marc:datafield ind1=" " ind2=" " tag="010">
			<marc:subfield code="a">978-1-84344-487-9</marc:subfield>
			<marc:subfield code="b">PDF</marc:subfield>
		</marc:datafield>
		<marc:datafield ind1="|" ind2=" " tag="101">
			<marc:subfield code="a">English</marc:subfield>
		</marc:datafield>
		<marc:datafield ind1="1" ind2=" " tag="200">
			<marc:subfield code="a">The strange case of Dr Jekyll and Mr Hyde</marc:subfield>
			<marc:subfield code="f">Robert Louis Stevenson</marc:subfield>
		</marc:datafield>
		<marc:datafield ind1=" " ind2=" " tag="210">
			<marc:subfield code="a">Harpenden</marc:subfield>
			<marc:subfield code="c">Pulp! The Classics</marc:subfield>
			<marc:subfield code="d">2014</marc:subfield>
		</marc:datafield>
		<marc:datafield ind1=" " ind2=" " tag="215">
			<marc:subfield code="a">1 volume (123 pages)</marc:subfield>
			<marc:subfield code="c">Cover with colorful illustrations</marc:subfield>
			<marc:subfield code="d">18 cm</marc:subfield>
		</marc:datafield>
	</marc:record>