
	<marc:record>
		<marc:leader>00761nam0 2200241   450 </marc:leader>
		<marc:controlfield tag="001">27</marc:controlfield>
		<marc:datafield ind1=" " ind2=" " tag="010">
			<marc:subfield code="a">2-203-38988-5</marc:subfield>
			<marc:subfield code="d">13.50euro</marc:subfield>
		</marc:datafield>
		<marc:datafield ind1="|" ind2=" " tag="101">
			<marc:subfield code="a">French</marc:subfield>
			<marc:subfield code="c">Italian</marc:subfield>
		</marc:datafield>
		<marc:datafield ind1="1" ind2=" " tag="200">
			<marc:subfield code="a">Docteur Jekyll &amp; Mister Hyde</marc:subfield>
			<marc:subfield code="b">[print]</marc:subfield>
			<marc:subfield code="e">free adapatation from the book of Robert L. Stevenson</marc:subfield>
			<marc:subfield code="f">Lorenzo Mattotti</marc:subfield>
			<marc:subfield code="f">Jerry Kramsky</marc:subfield>
		</marc:datafield>
		<marc:datafield ind1=" " ind2=" " tag="210">
			<marc:subfield code="a">Paris</marc:subfield>
			<marc:subfield code="c">Casterman</marc:subfield>
			<marc:subfield code="d">2002</marc:subfield>
		</marc:datafield>
		<marc:datafield ind1=" " ind2=" " tag="215">
			<marc:subfield code="a">64 pages</marc:subfield>
			<marc:subfield code="c">Colorful illustrations</marc:subfield>
			<marc:subfield code="d">32 cm</marc:subfield>
		</marc:datafield>
	</marc:record>