
	<!-- Traduction: Of Mice and men -->
	<marc:record>
		<marc:leader>00761nam0 2200241   450 </marc:leader>
		<marc:controlfield tag="001">22</marc:controlfield>
		<marc:datafield ind1=" " ind2=" " tag="010">
			<marc:subfield code="a">2-07-036037-7</marc:subfield>
			<marc:subfield code="d">39,00 F</marc:subfield>
		</marc:datafield>
		<marc:datafield ind1="|" ind2=" " tag="101">
			<marc:subfield code="a">French</marc:subfield>
		</marc:datafield>
		<marc:datafield ind1="|" ind2=" " tag="200">
			<marc:subfield code="a">Des souris et des hommes</marc:subfield>
			<marc:subfield code="f">John Steinbeck</marc:subfield>
			<marc:subfield code="f">translated by M.E. Coindreau</marc:subfield>
		</marc:datafield>
		<marc:datafield ind1=" " ind2=" " tag="210">
			<marc:subfield code="a">Paris</marc:subfield>
			<marc:subfield code="c">Gallimard</marc:subfield>
			<marc:subfield code="d">1992</marc:subfield>
		</marc:datafield>
		<marc:datafield ind1=" " ind2=" " tag="215">
			<marc:subfield code="a">189 pages</marc:subfield>
			<marc:subfield code="c">Cover with colorful illustrations</marc:subfield>
			<marc:subfield code="d">18 cm</marc:subfield>
		</marc:datafield>
		<marc:datafield ind1=" " ind2="|" tag="454">
			<marc:subfield code="3">tauth-010</marc:subfield>
			<marc:subfield code="t">Of Mice and men</marc:subfield>
		</marc:datafield>
	</marc:record>