
	<marc:record>
		<marc:leader>00761nam0 2200241   450 </marc:leader>
		<marc:controlfield tag="001">28</marc:controlfield>
		<marc:datafield ind1=" " ind2="0" tag="073">
			<marc:subfield code="a">5050582942156</marc:subfield>
		</marc:datafield>
		<marc:datafield ind1="1" ind2=" " tag="200">
			<marc:subfield code="a">Les miserables</marc:subfield>
			<marc:subfield code="b">[Motion Picture]</marc:subfield>
			<marc:subfield code="f">director, Tom Hooper</marc:subfield>
			<marc:subfield code="g">author, Victor Hugo</marc:subfield>
			<marc:subfield code="g">actor, Hugh Jackman</marc:subfield>
			<marc:subfield code="g">actor, Russell Crowe</marc:subfield>
		</marc:datafield>
		<marc:datafield ind1=" " ind2=" " tag="210">
			<marc:subfield code="a">Universal city</marc:subfield>
			<marc:subfield code="c">Universal</marc:subfield>
			<marc:subfield code="d">cop. 2013</marc:subfield>
		</marc:datafield>
		<marc:datafield ind1=" " ind2=" " tag="215">
			<marc:subfield code="a">1 DVD monoface area 2 (2 h 31 min)</marc:subfield>
			<marc:subfield code="c">Colors (PAL), audio</marc:subfield>
		</marc:datafield>
		<marc:datafield ind1=" " ind2=" " tag="334">
			<marc:subfield code="b">Best comedy at Golden Globe</marc:subfield>
			<marc:subfield code="c">2012</marc:subfield>
			<marc:subfield code="d">United States</marc:subfield>
		</marc:datafield>
	</marc:record>