
	<marc:record>
		<marc:leader>00761nam0 2200241   450 </marc:leader>
		<marc:controlfield tag="001">29</marc:controlfield>
		<marc:datafield ind1=" " ind2=" " tag="010">
			<marc:subfield code="a">978-2-302-013773</marc:subfield>
			<marc:subfield code="d">6,95 euro</marc:subfield>
		</marc:datafield>
		<marc:datafield ind1="|" ind2=" " tag="101">
			<marc:subfield code="a">French</marc:subfield>
		</marc:datafield>
		<marc:datafield ind1="1" ind2=" " tag="200">
			<marc:subfield code="a">miserables (Les )</marc:subfield>
			<marc:subfield code="b">Manga</marc:subfield>
			<marc:subfield code="f">based on writting by Victor Hugo</marc:subfield>
			<marc:subfield code="g">adapted in manga by studio Variety artworks</marc:subfield>
		</marc:datafield>
		<marc:datafield ind1=" " ind2=" " tag="210">
			<marc:subfield code="a">Paris</marc:subfield>
			<marc:subfield code="c">Soleil</marc:subfield>
			<marc:subfield code="d">2011</marc:subfield>
		</marc:datafield>
		<marc:datafield ind1=" " ind2=" " tag="215">
			<marc:subfield code="a">Not paged</marc:subfield>
			<marc:subfield code="c">Illustrations, Cover with illustrations</marc:subfield>
			<marc:subfield code="d">19 cm</marc:subfield>
		</marc:datafield>
		<marc:datafield ind1=" " ind2=" " tag="330">
			<marc:subfield code="a">The masterpiece of the literature adapted in manga</marc:subfield>
		</marc:datafield>
		<marc:datafield ind1=" " ind2="1" tag="454">
			<marc:subfield code="3">tauth-012</marc:subfield>
			<marc:subfield code="t">Manga de dokuha : les miserables</marc:subfield>
		</marc:datafield>
	</marc:record>