
	<!-- ## Translation: Tow Sawyer (2 translators)-->
	<marc:record>
		<marc:leader>00761nam0 2200241   450 </marc:leader>
		<marc:controlfield tag="001">6</marc:controlfield>
		<marc:datafield ind1=" " ind2=" " tag="010">
			<marc:subfield code="a">978-2-01-322655-4</marc:subfield>
			<marc:subfield code="d">5,90 EUR</marc:subfield>
		</marc:datafield>
		<marc:datafield ind1=" " ind2=" " tag="106">
			<marc:subfield code="a">Regular Print</marc:subfield>
		</marc:datafield>
		<marc:datafield ind1="1" ind2=" " tag="200">
			<marc:subfield code="a">aventures de Tom Sawyer (Les)</marc:subfield>
			<marc:subfield code="f">Mark Twain</marc:subfield>
			<marc:subfield code="g">translated by P. F. Caille</marc:subfield>
			<marc:subfield code="g">translated by Y. Dubois-Mauvais</marc:subfield>
		</marc:datafield>
		<marc:datafield ind1=" " ind2=" " tag="210">
			<marc:subfield code="a">Paris</marc:subfield>
			<marc:subfield code="c">Hachette</marc:subfield>
			<marc:subfield code="d">2008</marc:subfield>
		</marc:datafield>
		<marc:datafield ind1=" " ind2=" " tag="215">
			<marc:subfield code="a">411 pages</marc:subfield>
			<marc:subfield code="d">18 cm</marc:subfield>
		</marc:datafield>
		<marc:datafield ind1=" " ind2=" " tag="330">
			<marc:subfield code="a">Tom n'aime rien tant que l'ecole buissonniere, les expeditions avec ce voyou de Huck, la vie de pirates sur une ile du Mississippi, sans oublier la petite Becky. Mais sa tante Polly ne voit pas cela d'un tres bon oeil ! Et si elle savait que Tom et Huck, caches dans un cimetiere pendant une terrible nuit, ont vu tuer un homme.</marc:subfield>
		</marc:datafield>
		<marc:datafield ind1=" " ind2="|" tag="454">
			<marc:subfield code="3">tauth-009</marc:subfield>
			<marc:subfield code="t">The Adventures of Tom Sawyer</marc:subfield>
		</marc:datafield>
	</marc:record>