
	<!-- Translation: Treasure Island -->
	<marc:record>
		<marc:leader>00761nam0 2200241   450 </marc:leader>
		<marc:controlfield tag="001">4</marc:controlfield>
		<marc:datafield ind1=" " ind2=" " tag="010">
			<marc:subfield code="a">978-2-01-322397-3</marc:subfield>
			<marc:subfield code="d">4.50 euro</marc:subfield>
		</marc:datafield>
		<marc:datafield ind1="|" ind2=" " tag="101">
			<marc:subfield code="a">French</marc:subfield>
			<marc:subfield code="c">English</marc:subfield>
		</marc:datafield>
		<marc:datafield ind1="|" ind2=" " tag="200">
			<marc:subfield code="a">Ile au tresor (L')</marc:subfield>
			<marc:subfield code="f">Robert Louis Stevenson</marc:subfield>
			<marc:subfield code="g">translated by Michel Laporte</marc:subfield>
		</marc:datafield>
		<marc:datafield ind1=" " ind2=" " tag="210">
			<marc:subfield code="a">Paris</marc:subfield>
			<marc:subfield code="c">Hachette</marc:subfield>
			<marc:subfield code="d">2010</marc:subfield>
		</marc:datafield>
		<marc:datafield ind1=" " ind2=" " tag="215">
			<marc:subfield code="a">248 p.</marc:subfield>
			<marc:subfield code="d">18 cm</marc:subfield>
		</marc:datafield>
		<marc:datafield ind1="|" ind2=" " tag="225">
			<marc:subfield code="a">Classique</marc:subfield>
		</marc:datafield>
		<marc:datafield ind1=" " ind2="0" tag="410">
			<marc:subfield code="3">colauth-004</marc:subfield>
			<marc:subfield code="t">Livre de poche classique</marc:subfield>
		</marc:datafield>
		<marc:datafield ind1=" " ind2="|" tag="454">
			<marc:subfield code="3">tauth-008</marc:subfield>
			<marc:subfield code="t">Treasure Island</marc:subfield>
		</marc:datafield>
	</marc:record>