
	<marc:record>
		<marc:leader>00761nam0 2200241   450 </marc:leader>
		<marc:controlfield tag="001">32</marc:controlfield>
		<marc:datafield ind1=" " ind2=" " tag="010">
			<marc:subfield code="a">978-2-205-06758-3</marc:subfield>
			<marc:subfield code="d">11,95 eur</marc:subfield>
		</marc:datafield>
		<marc:datafield ind1="|" ind2=" " tag="101">
			<marc:subfield code="a">French</marc:subfield>
		</marc:datafield>
		<marc:datafield ind1="1" ind2=" " tag="200">
			<marc:subfield code="a">Armure du Jakolass (L')</marc:subfield>
			<marc:subfield code="b">[print]</marc:subfield>
			<marc:subfield code="e">Valerian par Manu Larcenet</marc:subfield>
			<marc:subfield code="f">Manu Larcenet</marc:subfield>
			<marc:subfield code="g">from Christin et Mezieres</marc:subfield>
		</marc:datafield>
		<marc:datafield ind1=" " ind2=" " tag="210">
			<marc:subfield code="c">Dargaud</marc:subfield>
			<marc:subfield code="d">2011</marc:subfield>
		</marc:datafield>
		<marc:datafield ind1=" " ind2=" " tag="330">
			<marc:subfield code="a">In this album, the author manages to parody the cult series without dishonoring it.</marc:subfield>
		</marc:datafield>
	</marc:record>