
	<marc:record>
		<marc:leader>00761nam0 2200241   450 </marc:leader>
		<marc:controlfield tag="001">2</marc:controlfield>
		<marc:datafield ind1=" " ind2=" " tag="010">
			<marc:subfield code="a">978-2-07-055890-2</marc:subfield>
			<marc:subfield code="d">14 euro</marc:subfield>
		</marc:datafield>
		<marc:datafield ind1="|" ind2=" " tag="101">
			<marc:subfield code="a">French</marc:subfield>
			<marc:subfield code="c">English</marc:subfield>
		</marc:datafield>
		<marc:datafield ind1="1" ind2=" " tag="200">
			<marc:subfield code="a">Cheval de guerre</marc:subfield>
			<marc:subfield code="f">Michael Morpurgo</marc:subfield>
			<marc:subfield code="g">translated by Andre Dupuis</marc:subfield>
		</marc:datafield>
		<marc:datafield ind1=" " ind2=" " tag="210">
			<marc:subfield code="a">Paris</marc:subfield>
			<marc:subfield code="c">Gallimard</marc:subfield>
			<marc:subfield code="d">2005</marc:subfield>
		</marc:datafield>
		<marc:datafield ind1=" " ind2=" " tag="215">
			<marc:subfield code="a">185 pages</marc:subfield>
			<marc:subfield code="c">Illustrations, cover with colorful illustrations</marc:subfield>
			<marc:subfield code="d">22 cm</marc:subfield>
		</marc:datafield>
		<marc:datafield ind1=" " ind2="1" tag="454">
			<marc:subfield code="3">tauth-004</marc:subfield>
			<marc:subfield code="t">War horse</marc:subfield>
		</marc:datafield>
		<marc:datafield ind1="|" ind2=" " tag="610">
			<marc:subfield code="3">subauth-016</marc:subfield>
			<marc:subfield code="a">World War I</marc:subfield>
			<marc:subfield code="e">1916</marc:subfield>
		</marc:datafield>
	</marc:record>
</marc:collection>